<?xml version="1.0" encoding="UTF-8"?><collection xmlns="http://www.loc.gov/MARC21/slim"><record><leader>00549nam--2200181-i-4500</leader><controlfield tag="001">000032792</controlfield><controlfield tag="002">20161230</controlfield><controlfield tag="005">20161230201039</controlfield><controlfield tag="008">060222s1000------------r-----000-0-eng-d</controlfield><datafield ind1=" " ind2=" " tag="040"><subfield code="a">IFIN-HH</subfield></datafield><datafield ind1=" " ind2=" " tag="080"><subfield code="a">537</subfield></datafield><datafield ind1="1" ind2=" " tag="100"><subfield code="a">Woodson, Herbert H</subfield></datafield><datafield ind1=" " ind2=" " tag="245"><subfield code="a">Electromechanical dynamics</subfield><subfield code="b">Part iii: elastic and fluid media</subfield><subfield code="c">Herbert h. woodson; james r. melcher</subfield></datafield><datafield ind1=" " ind2=" " tag="260"><subfield code="a">New York</subfield><subfield code="b">John Wiley &amp; Sons, Inc</subfield><subfield code="c">1968</subfield></datafield><datafield ind1=" " ind2=" " tag="300"><subfield code="a">XIV+/651-894/P.+F7+G3+INDEX15</subfield></datafield><datafield ind1="1" ind2=" " tag="700"><subfield code="a">Melcher, James R.,</subfield></datafield><datafield ind1=" " ind2=" " tag="852"><subfield code="a">30184</subfield><subfield code="c">537:538</subfield></datafield><datafield ind1=" " ind2=" " tag="CAT"><subfield code="a">Sys</subfield><subfield code="c">20110615</subfield><subfield code="h">140016</subfield></datafield></record></collection>